#Get these entries through export from google scholar.

@article{altman2018curse,
  title={The curse (s) of dimensionality},
  author={Altman, Naomi and Krzywinski, Martin},
  journal={Nat Methods},
  volume={15},
  number={6},
  pages={399--400},
  year={2018}
}
@article{anaya2016oncolnc,
  title={{OncoLnc}: linking {TCGA} survival data to {mRNAs, miRNAs, and lncRNAs}},
  author={Anaya, Jordan},
  journal={PeerJ Computer Science},
  volume={2},
  pages={e67},
  year={2016},
  publisher={PeerJ Inc.}
}
@article{hanahan2000hallmarks,
  title={The hallmarks of cancer},
  author={Hanahan, Douglas and Weinberg, Robert A},
  journal={cell},
  volume={100},
  number={1},
  pages={57--70},
  year={2000},
  publisher={Elsevier}
}
@article{hanahan2011hallmarks,
  title={Hallmarks of cancer: the next generation},
  author={Hanahan, Douglas and Weinberg, Robert A},
  journal={cell},
  volume={144},
  number={5},
  pages={646--674},
  year={2011},
  publisher={Elsevier}
}
@article{prat2011deconstructing,
  title={Deconstructing the molecular portraits of breast cancer},
  author={Prat, Aleix and Perou, Charles M},
  journal={Molecular oncology},
  volume={5},
  number={1},
  pages={5--23},
  year={2011},
  publisher={Elsevier}
}
@article{scikit-learn,
 title={Scikit-learn: Machine Learning in {P}ython},
 author={Pedregosa, F. and Varoquaux, G. and Gramfort, A. and Michel, V.
         and Thirion, B. and Grisel, O. and Blondel, M. and Prettenhofer, P.
         and Weiss, R. and Dubourg, V. and Vanderplas, J. and Passos, A. and
         Cournapeau, D. and Brucher, M. and Perrot, M. and Duchesnay, E.},
 journal={Journal of Machine Learning Research},
 volume={12},
 pages={2825--2830},
 year={2011}
}
@incollection{wall2003singular,
  title={Singular value decomposition and principal component analysis},
  author={Wall, Michael E and Rechtsteiner, Andreas and Rocha, Luis M},
  booktitle={A practical approach to microarray data analysis},
  pages={91--109},
  year={2003},
  publisher={Springer}
}
@software{cameron_davidson_pilon_2021_4457577,
  author       = {Cameron Davidson-Pilon and
                  Jonas Kalderstam and
                  Noah Jacobson and
                  Sean Reed and
                  Ben Kuhn and
                  Paul Zivich and
                  Mike Williamson and
                  AbdealiJK and
                  Deepyaman Datta and
                  Andrew Fiore-Gartland and
                  Alex Parij and
                  Daniel WIlson and
                  Gabriel and
                  Luis Moneda and
                  Arturo Moncada-Torres and
                  Kyle Stark and
                  Harsh Gadgil and
                  Jona and
                  Karthikeyan Singaravelan and
                  Lilian Besson and
                  Miguel Sancho Pe√±a and
                  Steven Anton and
                  Andreas Klintberg and
                  GrowthJeff and
                  Javad Noorbakhsh and
                  Matthew Begun and
                  Ravin Kumar and
                  Sean Hussey and
                  Skipper Seabold and
                  Dave Golland},
  title        = {CamDavidsonPilon/lifelines: v0.25.8},
  month        = jan,
  year         = 2021,
  publisher    = {Zenodo},
  version      = {v0.25.8},
  doi          = {10.5281/zenodo.4457577},
  url          = {https://doi.org/10.5281/zenodo.4457577}
}
@article{parker2009supervised,
  title={Supervised risk predictor of breast cancer based on intrinsic subtypes},
  author={Parker, Joel S and Mullins, Michael and Cheang, Maggie CU and Leung, Samuel and Voduc, David and Vickery, Tammi and Davies, Sherri and Fauron, Christiane and He, Xiaping and Hu, Zhiyuan and others},
  journal={Journal of clinical oncology},
  volume={27},
  number={8},
  pages={1160},
  year={2009},
  publisher={American Society of Clinical Oncology}
}
@article{scholzen2000ki,
  title={The Ki-67 protein: from the known and the unknown},
  author={Scholzen, Thomas and Gerdes, Johannes},
  journal={Journal of cellular physiology},
  volume={182},
  number={3},
  pages={311--322},
  year={2000},
  publisher={Wiley Online Library}
}
@article{goeman2007analyzing,
  title={Analyzing gene expression data in terms of gene sets: methodological issues},
  author={Goeman, Jelle J and B{\"u}hlmann, Peter},
  journal={Bioinformatics},
  volume={23},
  number={8},
  pages={980--987},
  year={2007},
  publisher={Oxford University Press}
}
@article{edelman2006analysis,
  title={Analysis of sample set enrichment scores: assaying the enrichment of sets of genes for individual samples in genome-wide expression profiles},
  author={Edelman, Elena and Porrello, Alessandro and Guinney, Justin and Balakumaran, Bala and Bild, Andrea and Febbo, Phillip G and Mukherjee, Sayan},
  journal={Bioinformatics},
  volume={22},
  number={14},
  pages={e108--e116},
  year={2006},
  publisher={Oxford University Press}
}
@article{drier2013pathway,
  title={Pathway-based personalized analysis of cancer},
  author={Drier, Yotam and Sheffer, Michal and Domany, Eytan},
  journal={Proceedings of the National Academy of Sciences},
  volume={110},
  number={16},
  pages={6388--6393},
  year={2013},
  publisher={National Acad Sciences}
}
@article{hanzelmann2013gsva,
  title={GSVA: gene set variation analysis for microarray and RNA-seq data},
  author={H{\"a}nzelmann, Sonja and Castelo, Robert and Guinney, Justin},
  journal={BMC bioinformatics},
  volume={14},
  number={1},
  pages={1--15},
  year={2013},
  publisher={Springer}
}
@article{uhlen2017pathology,
  title={A pathology atlas of the human cancer transcriptome},
  author={Uhlen, Mathias and Zhang, Cheng and Lee, Sunjae and Sj\"{o}stedt, Evelina and Fagerberg, Linn and Bidkhori, Gholamreza and Benfeitas, Rui and Arif, Muhammad and Liu, Zhengtao and Edfors, Fredrik and others},
  journal={Science},
  volume={357},
  number={6352},
  pages={eaan2507},
  year={2017},
  publisher={American Association for the Advancement of Science}
}
@article{tavazoie1999systematic,
  title={Systematic determination of genetic network architecture},
  author={Tavazoie, Saeed and Hughes, Jason D and Campbell, Michael J and Cho, Raymond J and Church, George M},
  journal={Nature genetics},
  volume={22},
  number={3},
  pages={281},
  year={1999},
  publisher={Nature Publishing Group}
}
@article{subramanian2005gene,
  title={Gene set enrichment analysis: a knowledge-based approach for interpreting genome-wide expression profiles},
  author={Subramanian, Aravind and Tamayo, Pablo and Mootha, Vamsi K and Mukherjee, Sayan and Ebert, Benjamin L and Gillette, Michael A and Paulovich, Amanda and Pomeroy, Scott L and Golub, Todd R and Lander, Eric S and others},
  journal={{Proceedings of the National Academy of Sciences}},
  volume={102},
  number={43},
  pages={15545--15550},
  year={2005},
  publisher={National Acad Sciences}
}
@article{khatri2012ten,
  title={Ten years of pathway analysis: current approaches and outstanding challenges},
  author={Khatri, Purvesh and Sirota, Marina and Butte, Atul J},
  journal={PLoS Comput Biol},
  volume={8},
  number={2},
  pages={e1002375},
  year={2012},
  publisher={Public Library of Science}
}
@article{griss2020reactomegsa,
  title={{ReactomeGSA}-Efficient Multi-Omics Comparative Pathway Analysis},
  author={Griss, Johannes and Viteri, Guilherme and Sidiropoulos, Konstantinos and Nguyen, Vy and Fabregat, Antonio and Hermjakob, Henning},
  journal={{Molecular \& Cellular Proteomics}},
  volume={19},
  number={12},
  pages={2115--2125},
  year={2020},
  publisher={Elsevier}
}
@article{dennis2003david,
  title={{DAVID}: database for annotation, visualization, and integrated discovery},
  author={Dennis, Glynn and Sherman, Brad T and Hosack, Douglas A and Yang, Jun and Gao, Wei and Lane, H Clifford and Lempicki, Richard A},
  journal={Genome biology},
  volume={4},
  number={9},
  pages={R60},
  year={2003},
  publisher={BioMed Central}
}
@book{aalen2008survival,
  title={Survival and event history analysis: a process point of view},
  author={Aalen, Odd and Borgan, Ornulf and Gjessing, Hakon},
  year={2008},
  publisher={Springer Science \& Business Media}
}
@article{hochreiter2006new,
  title={A new summarization method for {Affymetrix} probe level data},
  author={Hochreiter, Sepp and Clevert, Djork-Arne and Obermayer, Klaus},
  journal={Bioinformatics},
  volume={22},
  number={8},
  pages={943--949},
  year={2006},
  publisher={Oxford University Press}
}
@article{fan2016characterizing,
  title={Characterizing transcriptional heterogeneity through pathway and gene set overdispersion analysis},
  author={Fan, Jean and Salathia, Neeraj and Liu, Rui and Kaeser, Gwendolyn E and Yung, Yun C and Herman, Joseph L and Kaper, Fiona and Fan, Jian-Bing and Zhang, Kun and Chun, Jerold and others},
  journal={Nature methods},
  volume={13},
  number={3},
  pages={241--244},
  year={2016},
  publisher={Nature Research}
}
@article{zhang2017covariation,
  title={Covariation of Peptide Abundances Accurately Reflects Protein Concentration Differences},
  author={Zhang, Bo and Pirmoradian, Mohammad and Zubarev, Roman and K\"{a}ll, Lukas},
  journal={Molecular \& Cellular Proteomics},
  volume={16},
  number={5},
  pages={936--948},
  year={2017},
  publisher={ASBMB}
}
@article{weinstein2013cancer,
  title={The cancer genome atlas pan-cancer analysis project},
  author={Weinstein, John N and Collisson, Eric A and Mills, Gordon B and Shaw, Kenna R Mills and Ozenberger, Brad A and Ellrott, Kyle and Shmulevich, Ilya and Sander, Chris and Stuart, Joshua M and Cancer Genome Atlas Research Network and others},
  journal={Nature genetics},
  volume={45},
  number={10},
  pages={1113},
  year={2013},
  publisher={Nature Publishing Group}
}
@article{joshi2005reactome,
  title={Reactome: a knowledgebase of biological pathways},
  author={Joshi-Tope, G and Gillespie, Marc and Vastrik, Imre and D'Eustachio, Peter and Schmidt, Esther and de Bono, Bernard and Jassal, Bijay and Gopinath, GR and Wu, GR and Matthews, Lisa and others},
  journal={{Nucleic Acids Research}},
  volume={33},
  number={suppl\_1},
  pages={D428--D432},
  year={2005},
  publisher={Oxford University Press}
}

@article{dietrich2018drug,
  title={Drug-perturbation-based stratification of blood cancer},
  author={Dietrich, Sascha and Ole{\'s}, Ma{\l}gorzata and Lu, Junyan and Sellner, Leopold and Anders, Simon and Velten, Britta and Wu, Bian and H{\"u}llein, Jennifer and da Silva Liberio, Michelle and Walther, Tatjana and others},
  journal={The Journal of clinical investigation},
  volume={128},
  number={1},
  pages={427--445},
  year={2018},
  publisher={Am Soc Clin Investig}
}
@article{cox1972regression,
  title={Regression models and life-tables (with discussion)},
  author={Cox, David R},
  journal={JR Stat. Soc. Ser. B},
  volume={34},
  pages={187--220},
  year={1972}
}

@article{curtis2012genomic,
  title={The genomic and transcriptomic architecture of 2,000 breast tumours reveals novel subgroups},
  author={Curtis, Christina and Shah, Sohrab P and Chin, Suet-Feung and Turashvili, Gulisa and Rueda, Oscar M and Dunning, Mark J and Speed, Doug and Lynch, Andy G and Samarajiwa, Shamith and Yuan, Yinyin and others},
  journal={Nature},
  volume={486},
  number={7403},
  pages={346},
  year={2012},
  publisher={Nature Publishing Group}
}

@article{storey2003,
author = "Storey, John D.",
doi = "10.1214/aos/1074290335",
fjournal = "The Annals of Statistics",
journal = "Ann. Statist.",
month = "12",
number = "6",
pages = "2013--2035",
publisher = "The Institute of Mathematical Statistics",
title = "The positive false discovery rate: a Bayesian interpretation and the q -value",
url = "https://doi.org/10.1214/aos/1074290335",
volume = "31",
year = "2003"
}

@article{smedley2015biomart,
  title={The {BioMart} community portal: an innovative alternative to large, centralized data repositories},
  author={Smedley, Damian and Haider, Syed and Durinck, Steffen and Pandini, Luca and Provero, Paolo and Allen, James and Arnaiz, Olivier and Awedh, Mohammad Hamza and Baldock, Richard and Barbiera, Giulia and others},
  journal={Nucleic acids research},
  volume={43},
  number={W1},
  pages={W589--W598},
  year={2015},
  publisher={Oxford University Press}
}
@software{cameron_davidson_pilon_2020_4002777,
  author       = {Cameron Davidson-Pilon and
                  Jonas Kalderstam and
                  Noah Jacobson and
                  sean-reed and
                  Ben Kuhn and
                  Paul Zivich and
                  Mike Williamson and
                  AbdealiJK and
                  Deepyaman Datta and
                  Andrew Fiore-Gartland and
                  Alex Parij and
                  Daniel WIlson and
                  Gabriel and
                  Luis Moneda and
                  Arturo Moncada-Torres and
                  Kyle Stark and
                  Harsh Gadgil and
                  Jona and
                  Karthikeyan Singaravelan and
                  Lilian Besson and
                  Miguel Sancho Pe√±a and
                  Steven Anton and
                  Andreas Klintberg and
                  GrowthJeff and
                  Javad Noorbakhsh and
                  Matthew Begun and
                  Ravin Kumar and
                  Sean Hussey and
                  Dave Golland and
                  jlim13},
  title        = {CamDavidsonPilon/lifelines: v0.25.4},
  month        = aug,
  year         = 2020,
  publisher    = {Zenodo},
  version      = {v0.25.4},
  doi          = {10.5281/zenodo.4002777},
  url          = {https://doi.org/10.5281/zenodo.4002777}
}

@article{gorbatenko2014regulation,
  title={Regulation and roles of bicarbonate transport in cancer},
  author={Gorbatenko, Andrej and Olesen, Christina Wilkens and Boedtkjer, Ebbe and Pedersen, Stine Falsig},
  journal={Frontiers in physiology},
  volume={5},
  pages={130},
  year={2014},
  publisher={Frontiers}
}
@article{moasser2007oncogene,
  title={The oncogene HER2: its signaling and transforming functions and its role in human cancer pathogenesis},
  author={Moasser, Mark M},
  journal={Oncogene},
  volume={26},
  number={45},
  pages={6469--6487},
  year={2007},
  publisher={Nature Publishing Group}
}
@article{gilis2020pitfalls,
  title={Pitfalls in re-analysis of observational omics studies: a post-mortem of the human pathology atlas.},
  author={Gilis, Jeroen and Taelman, Steff and Davey, Lucas and Martens, Lennart and Clement, Lieven},
  journal={BioRxiv},
  year={2020},
  publisher={Cold Spring Harbor Laboratory}
}

@book{kleinbaum2010survival,
  title={Survival analysis},
  author={Kleinbaum, David G and Klein, Mitchel},
  year={2010},
  publisher={Springer}
}

@article{scikit-learn,
 title={Scikit-learn: Machine Learning in {P}ython},
 author={Pedregosa, F. and Varoquaux, G. and Gramfort, A. and Michel, V.
         and Thirion, B. and Grisel, O. and Blondel, M. and Prettenhofer, P.
         and Weiss, R. and Dubourg, V. and Vanderplas, J. and Passos, A. and
         Cournapeau, D. and Brucher, M. and Perrot, M. and Duchesnay, E.},
 journal={Journal of Machine Learning Research},
 volume={12},
 pages={2825--2830},
 year={2011}
}
@article{barbie2009systematic,
  title={Systematic RNA interference reveals that oncogenic KRAS-driven cancers require TBK1},
  author={Barbie, David A and Tamayo, Pablo and Boehm, Jesse S and Kim, So Young and Moody, Susan E and Dunn, Ian F and Schinzel, Anna C and Sandy, Peter and Meylan, Etienne and Scholl, Claudia and others},
  journal={Nature},
  volume={462},
  number={7269},
  pages={108--112},
  year={2009},
  publisher={Nature Publishing Group}
}
@article{uno2011c,
  title={On the C-statistics for evaluating overall adequacy of risk prediction procedures with censored survival data},
  author={Uno, Hajime and Cai, Tianxi and Pencina, Michael J and D'Agostino, Ralph B and Wei, Lee-Jen},
  journal={Statistics in medicine},
  volume={30},
  number={10},
  pages={1105--1117},
  year={2011},
  publisher={Wiley Online Library}
}
